<mx:record xmlns="http://www.w3.org/TR/xhtml1/strict" xmlns:mx="http://www.loc.gov/MARC21/slim" xmlns:xsi="http://www.w3.org/2001/XMLSchema-instance"><mx:leader>00000nz   2200000n  4500</mx:leader><mx:controlfield tag="001">oca03437789 </mx:controlfield><mx:controlfield tag="005">19930821060902.3</mx:controlfield><mx:controlfield tag="008">930818n| acannaab           |n aaa     c</mx:controlfield><mx:datafield ind1=" " ind2=" " tag="010"><mx:subfield code="a">nr 93031387</mx:subfield></mx:datafield><mx:datafield ind1=" " ind2=" " tag="035"><mx:subfield code="a">(Uk)tb026886</mx:subfield></mx:datafield><mx:datafield ind1=" " ind2=" " tag="040"><mx:subfield code="a">Uk/ESTC-NA</mx:subfield><mx:subfield code="c">ESTC-NA</mx:subfield></mx:datafield><mx:datafield ind1="1" ind2=" " tag="100"><mx:subfield code="a">Pollux, Julius,</mx:subfield><mx:subfield code="d">180-238</mx:subfield></mx:datafield><mx:datafield ind1=" " ind2=" " tag="667"><mx:subfield code="a">Data provided by the ESTC/BL</mx:subfield></mx:datafield><mx:datafield ind1=" " ind2=" " tag="670"><mx:subfield code="a">His Extracts concerning the Greek theatre and masks, 1775:</mx:subfield><mx:subfield code="b">t.p. (Julius Pollux)</mx:subfield></mx:datafield><mx:datafield ind1=" " ind2=" " tag="670"><mx:subfield code="a">NUC pre-56</mx:subfield><mx:subfield code="b">(Pollux, Julius, of Naucratis)</mx:subfield></mx:datafield><mx:datafield ind1=" " ind2=" " tag="670"><mx:subfield code="a">Watt, R. Bibliotheca Britannica: or a general index to British and foreign literature, 1824</mx:subfield><mx:subfield code="b">(Pollux, Julius, 180-238 AD)</mx:subfield></mx:datafield><mx:datafield ind1=" " ind2=" " tag="999"><mx:subfield code="a">899</mx:subfield></mx:datafield></mx:record>